% This file was created with JabRef 2.10b2.
% Encoding: UTF-8


@Manual{abntex2classe,
  Title                    = {A classe abntex2: Modelo can{\^o}nico de trabalhos acad{\^e}micos brasileiros compat{\'\i}vel com as normas ABNT NBR 14724:2011, ABNT NBR 6024:2012 e outras},
  Author                   = {abnTeX2 and Lauro C{\'e}sar Araujo},
  Organization             = {Equipe abnTeX2},
  Year                     = {2013},

  Bdsk-url-1               = {http://code.google.com/p/abntex2/},
  Date-added               = {2013-01-09 10:37:38 +0000},
  Date-modified            = {2013-04-05 11:03:48 +0000},
  Timestamp                = {2013.12.29},
  Url                      = {http://abntex2.googlecode.com/}
}

@Book{linked,
  Title                    = {Linked: The New Science of Networks},
  Author                   = {A. L. Barabasi},
  Publisher                = {Perseus Publishing},
  Year                     = {2002}
}

@Book{teste:2004,
  Title                    = {Testando a utilização de ``et al.''},
  Author                   = {Carlos Barbosa and Maria da Silva Cardoso and Tenitos da Silva and Carminda Soares},
  Publisher                = {Editora},
  Year                     = {2004},

  Address                  = {Cidade},
  Edition                  = {2},

  Page                     = {5}
}

@Article{belkin:1990,
  Title                    = {The cognitive viewpoint in information science},
  Author                   = {{Nicholas} J. Belkin},
  Journal                  = JIS,
  Year                     = {1990},
  Pages                    = {11--15},
  Volume                   = {16}
}

@Misc{BibTeX2009,
  Title                    = {BibTeX.org},

  Author                   = {BibTeX},
  Year                     = {2009},

  Timestamp                = {2013.12.29},
  Url                      = {http://www.bibtex.org},
  Urlaccessdate            = {8 de novembro de 2009}
}

@TechReport{artifice:2002,
  Title                    = {Arquitetura Flexível para a Criação de Agentes de Software Cognitivos e Situados},
  Author                   = {{Henrique} E. Borges},
  Institution              = {Centro Federal de Educação Tecnológica de Minas Gerais},
  Year                     = {2002},

  Address                  = {Belo Horizonte},
  Note                     = {Projeto de Pesquisa (Departamento de Ensino Superior)},

  Pages                    = {16},
  Subtitle                 = {teoria, metodologia e ferramentas}
}

@Article{brookes:1980a,
  Title                    = {The foundations of information science. {Part I}. {Phisolophical} aspects.},
  Author                   = {Bertram C. Brookes},
  Journal                  = JIS,
  Year                     = {1980},
  Number                   = {3},
  Pages                    = {125-133},
  Volume                   = {2},

  Part                     = {1}
}

@Article{brookes:1980b,
  Title                    = {Teste},
  Author                   = {Bertram C. Brookes},
  Journal                  = JIS,
  Year                     = {1980},
  Number                   = {3},
  Pages                    = {125-133},
  Volume                   = {2},

  Part                     = {1}
}

@Book{Buerger1989,
  Title                    = {LaTeX for scientists and engineers},
  Author                   = {Buerger, David John},
  Publisher                = {McGraw-Hill},
  Year                     = {1989},

  Address                  = {Singapura}
}

@Article{carvalho:2001,
  Title                    = {Inteligência competitiva numa visão de futuro},
  Author                   = {Cláudia Carvalho and José Fajardo and Joaquim Cruz},
  Journal                  = {DataGramaZero - Revista da Ciência da Informação},
  Year                     = {2001},
  Number                   = {3},
  Pages                    = {12--16},
  Volume                   = {2},

  Mounth                   = {junho},
  Subtitle                 = {proposta metodológica}
}

@Article{acmsurveys,
  Title                    = {Graph Mining: Laws, Generators, and Algorithms},
  Author                   = {Deepayan Chakrabarti and Christos Faloutsos},
  Journal                  = {ACM Computing Surveys},
  Year                     = {2006},
  Number                   = {1},
  Pages                    = {2-59},
  Volume                   = {38},

  Address                  = {New York, NY, USA},
  Publisher                = {ACM}
}

@Misc{CTAN2009,
  Title                    = {The comprehensive TeX archive network},

  Author                   = {CTAN},
  Year                     = {2009},

  Timestamp                = {2013.12.29},
  Url                      = {http://www.ctan.org},
  Urlaccessdate            = {8 de novembro de 2009}
}

@Book{DAELN2006,
  Title                    = {Normas de apresenta\c{c}\~ao de trabalhos acad\^emicos do {DAELN}},
  Author                   = {DAELN},
  Editor                   = {David, Denise Elizabeth Hey and Crocetti, Simone},
  Publisher                = {Departamento Acad\^emico de Eletr\^onica da UTFPR},
  Year                     = {2006},

  Address                  = {Curitiba}
}

@InProceedings{3faloutsos,
  Title                    = {On Power-law Relationships of the Internet Topology},
  Author                   = {M. Faloutsos and P. Faloutsos and C. Faloutsos},
  Booktitle                = {Book Title},
  Year                     = {1999},

  Address                  = {New York, NY, USA},
  Pages                    = {251--262},
  Publisher                = {ACM Press},

  ISBN                     = {1-58113-135-6},
  Location                 = {Cambridge, Massachusetts, United States}
}

@InBook{vanGelder:1998c,
  Title                    = {Computers and computation in cognitive science},
  Author                   = {T. J. van Gelder},
  Editor                   = {M. T. Michalewicz},
  Pages                    = {109-126},
  Publisher                = {CSIRO Publishing},
  Year                     = {1998},

  Address                  = {Melbourne},
  Month                    = {March},
  Series                   = {Advances in Computational Life Sciences},
  Volume                   = {2: Humans to Proteins}
}

@Book{goldfather:1990,
  Title                    = {Fundamental questions},
  Author                   = {Puzo H. Goldfather},
  Publisher                = {Prentice-Hall},
  Year                     = {1990},

  Address                  = {New York},

  Pages                    = {178}
}

@Book{Goossens2007,
  Title                    = {The LaTeX graphics companion},
  Author                   = {Goossens, Michel and Mittelbach, Frank and Rahtz, Sebastian and Roegel, Denis and Voss, Herbert},
  Publisher                = {Addison-Wesley},
  Year                     = {2007},

  Address                  = {Boston},
  Edition                  = {2}
}

@Misc{irl:06,
  Title                    = {Internet Research Laboratory},

  Author                   = {IRL},
  HowPublished             = {\url{http://irl.cs.ucla.edu/topology}},
  Note                     = {Acesso em março de 2007},
  Year                     = {2007},

  Key                      = {IRL}
}

@Misc{JabRef2009,
  Title                    = {JabRef reference manager},

  Author                   = {JabRef},
  Year                     = {2009},

  Timestamp                = {2013.12.29},
  Url                      = {http://jabref.sourceforge.net},
  Urlaccessdate            = {8 de novembro de 2009}
}

@Book{Kopka2003,
  Title                    = {Guide to LaTeX},
  Author                   = {Kopka, Helmut and Daly, Patrick W.},
  Publisher                = {Addison-Wesley},
  Year                     = {2003},

  Address                  = {Boston},
  Edition                  = {4}
}

@Book{Lamport1986,
  Title                    = {LaTeX: a document preparation system},
  Author                   = {Lamport, Leslie},
  Publisher                = {Addison-Wesley},
  Year                     = {1986},

  Address                  = {Boston}
}

@Misc{LaTeX2009,
  Title                    = {The LaTeX project},

  Author                   = {LaTeX},
  Year                     = {2009},

  Timestamp                = {2013.12.29},
  Url                      = {http://www.latex-project.org},
  Urlaccessdate            = {8 de novembro de 2009}
}

@Book{maturana:2003,
  Title                    = {A Árvore do Conhecimento},
  Author                   = {Humberto R. Maturana and Francisco J. Varela},
  Publisher                = {Editora Palas Athena},
  Year                     = {2003},

  Address                  = {São Paulo},
  Edition                  = {3},

  Page                     = {283},
  Subtitle                 = {as bases biológicas da compreenão humana}
}

@Misc{Mendeley2009,
  Title                    = {Mendeley: academic software for research papers},

  Author                   = {Mendeley},
  Year                     = {2009},

  Timestamp                = {2013.12.29},
  Url                      = {http://www.mendeley.com},
  Urlaccessdate            = {8 de novembro de 2009}
}

@Misc{MiKTeX2009,
  Title                    = {The MiKTeX project},

  Author                   = {MiKTeX},
  Year                     = {2009},

  Timestamp                = {2013.12.29},
  Url                      = {http://www.miktex.org},
  Urlaccessdate            = {8 de novembro de 2009}
}

@Book{Mittelbach2004,
  Title                    = {The LaTeX companion},
  Author                   = {Mittelbach, Frank and Goossens, Michel and Braams, Johannes and Carlisle, David and Rowley, Chris},
  Publisher                = {Addison-Wesley},
  Year                     = {2004},

  Address                  = {Boston},
  Edition                  = {2}
}

@Book{morinmoigne:2000,
  Title                    = {A Inteligência da Complexidade},
  Author                   = {Edgar Morin and Jean-Louis {Le MOIGNE}},
  Publisher                = {Editora Petrópolis},
  Year                     = {2000},

  Address                  = {São Paulo}
}

@MastersThesis{mar00,
  Title                    = {Algoritmos Distribuídos para a Construção de Arquivos Invertidos},
  Author                   = {Marden Silveira Neubert},
  School                   = {Departamento de Ciência da Computação, Universidade Federal de Minas Gerais},
  Year                     = {2000},
  Month                    = {Março},

  Key                      = {author}
}

@InProceedings{rp99,
  Title                    = {Hash and Displace: Efficient Evaluation of Minimal Perfect Hash Functions},
  Author                   = {Rasmus Pagh},
  Booktitle                = {Workshop on Algorithms and Data Structures},
  Year                     = {1999},
  Pages                    = {49-54},

  Key                      = {author}
}

@MastersThesis{santos:2003,
  Title                    = {Aspectos conceituais e arquiteturais para a criação de linhagens de agentes de software cognitivos e situados},
  Author                   = {{Bruno} {André} Santos},
  School                   = {Centro Federal de Educação Tecnolóogica de Minas Gerais},
  Year                     = {2003},

  Address                  = {Belo Horizonte},
  Month                    = {Junho},

  Key                      = {Agentes inteligentes,Inteligência artificial,Cognição situada}
}

@InProceedings{SoaresBGO10,
  Title                    = {Emergence of Neuronal Groups on a Self-Organized Spiking Neurons Network Based on Genetic Algorithm.},
  Author                   = {Soares, Gabriela E. and Borges, Henrique E. and Gomes, Rogério M. and Oliveira, Geraldo Magela Couto},
  Booktitle                = {SBRN},
  Year                     = {2010},
  Editor                   = {Ludermir, Teresa Bernarda and Figueiredo, Karla and Thomaz, Carlos E.},
  Pages                    = {43-48},
  Publisher                = {IEEE},

  Added-at                 = {2012-03-22T00:00:00.000+0100},
  Biburl                   = {http://www.bibsonomy.org/bibtex/2560229187cddd00b690e87c24ab9946a/dblp},
  Ee                       = {http://doi.ieeecomputersociety.org/10.1109/SBRN.2010.16},
  Interhash                = {87f57cc28d24fbdc69927bc19af6b6db},
  Intrahash                = {560229187cddd00b690e87c24ab9946a},
  ISBN                     = {978-1-4244-8391-4},
  Keywords                 = {dblp},
  Timestamp                = {2012-03-22T00:00:00.000+0100},
  Url                      = {http://dblp.uni-trier.de/db/conf/sbrn/sbrn2010.html#SoaresBGO10}
}

@MastersThesis{CELSO2012,
  Title                    = {Recuperação de Vídeos Baseada em Conteúdo em um Sistema de Informação para Apoio à Análise do Discurso Televisivo},
  Author                   = {Celso Luiz de Souza},
  School                   = {Centro Federal de Educação tecnológica de Minas Gerais},
  Year                     = {2012},
  Type                     = {Mestrado}
}

@Misc{TeX-Br2009,
  Title                    = {Comunidade TeX-Br},

  Author                   = {TeX-BR},
  Year                     = {2009},

  Timestamp                = {2013.12.29},
  Url                      = {http://www.tex-br.org/index.php},
  Urlaccessdate            = {8 de novembro de 2009}
}

@Misc{TeXnicCenter2009,
  Title                    = {TeX nicCenter: the center of your LaTeX universe},

  Author                   = {TeXnicCenter},
  Year                     = {2009},

  Timestamp                = {2013.12.29},
  Url                      = {http://www.texniccenter.org},
  Urlaccessdate            = {8 de novembro de 2009}
}

@Misc{Wikibooks2009,
  Title                    = {LaTeX},

  Author                   = {Wikibooks},
  Year                     = {2009},

  Timestamp                = {2013.12.29},
  Url                      = {http://en.wikibooks.org/wiki/LaTeX},
  Urlaccessdate            = {8 de novembro de 2009}
}

