% This file was created with JabRef 2.10.
% Encoding: UTF-8


@Book{Tanenbaum,
  Title                    = {Computer Networks},
  Author                   = {Andrew S. Tanenbaum, David J. Wetherall},
  Editor                   = {Pearson},
  Year                     = {2011},
  Edition                  = {5th},

  Owner                    = {Pedro},
  Timestamp                = {2015.04.28}
}

@Misc{HttpArchiveContentType2011,
  Title                    = {Http Archive Abril 2011 Query},

  Author                   = {Http Archive},
  Year                     = {2015},

  Owner                    = {Http Archive},
  Timestamp                = {2015.04.28},
  Url                      = {http://httparchive.org/interesting.php?a=All&l=Apr%2015%202011}
}

@Misc{HttpArchiveContentType2015,
  Title                    = {Http Archive Abril 2015 Query},

  Author                   = {Http Archive},
  Year                     = {2015},

  Owner                    = {Http Archive},
  Timestamp                = {2015.04.28},
  Url                      = {http://httparchive.org/interesting.php?a=All&l=Apr%2015%202015}
}

@Misc{WebHistory,
  Title                    = {The birth of the web},

  Author                   = {Dan Connolly},
  Year                     = {2000},

  Owner                    = {W3C},
  Timestamp                = {2015.04.28},
  Url                      = {http://www.w3.org/History.html}
}

@Misc{RFC2616,
  Title                    = {RFC 2616},

  Author                   = {Network Working Group},
  Year                     = {1999},

  Owner                    = {IETF},
  Timestamp                = {2015.04.28},
  Url                      = {http://tools.ietf.org/html/rfc2616}
}

