% This file was created with JabRef 2.10.
% Encoding: Cp1252


@Misc{WorldWideWeb,
  Title                    = {World Wide Web},

  Author                   = {Tim Berners-Lee},
  Year                     = {1990},

  Owner                    = {CERN},
  Timestamp                = {2015.03.29},
  Url                      = {http://info.cern.ch/hypertext/WWW/TheProject.html}
}

@Misc{Cern,
  Title                    = {The birth of the web},

  Author                   = {CERN},
  Year                     = {2015},

  Owner                    = {CERN},
  Timestamp                = {2015.03.25},
  Url                      = {http://home.web.cern.ch/topics/birth-web}
}

@Misc{InternetWorldStatus,
  Title                    = {INTERNET USAGE STATISTICS
The Internet Big Picture},

  Author                   = {Miniwatts Marketing Group},
  Year                     = {2014},

  Owner                    = {Miniwatts Marketing Group},
  Timestamp                = {2015.03.25},
  Url                      = {http://www.internetworldstats.com/stats.htm}
}

@Misc{W3Http,
  Title                    = {Change History for HTTP},

  Author                   = {Henrik Frystyk Nielsen, Jim Gettys},
  Year                     = {2004},

  Owner                    = {World Wide Web},
  Timestamp                = {2015.03.27},
  Url                      = {http://www.w3.org/Protocols/History.html}
}

@Book{HighPerformanceWebSites,
  Title                    = {High Performance Web Sites},
  Author                   = {Steve Souders},
  Editor                   = {Andy Oram},
  Publisher                = {O`Reilly},
  Year                     = {2007},

  Owner                    = {Pedro},
  Timestamp                = {2015.03.26}
}

